% Encoding: UTF-8

@Misc{sezan2014user,
  author    = {Sezan, Muhammed Ibrahim and Bartnik, David C and Burns, David William and Jack, Conway Kitchens II and Pratt, Leonard C and Schneider, John Keith and Ganti, Suryaprakash and Karmi, Yair},
  title     = {User authentication biometrics in mobile devices},
  month     = dec,
  year      = {2014},
  note      = {US Patent App. 14/178,156},
  publisher = {Google Patents},
  url       = {https://patentimages.storage.googleapis.com/67/c8/75/430e01e7fae6d2/US20140359757A1.pdf},
}

@Article{odinokikh2018high,
  author    = {Odinokikh, GA and Fartukov, AM and Eremeev, VA and Gnatyuk, VS and Korobkin, MV and Rychagov, MN},
  title     = {High-Performance Iris Recognition for Mobile Platforms},
  journal   = {Pattern Recognition and Image Analysis},
  year      = {2018},
  volume    = {28},
  number    = {3},
  pages     = {516--524},
  publisher = {Springer},
}

@Article{hwang2009keystroke,
  author    = {Hwang, Seong-seob and Cho, Sungzoon and Park, Sunghoon},
  title     = {Keystroke dynamics-based authentication for mobile devices},
  journal   = {Computers \& Security},
  year      = {2009},
  volume    = {28},
  number    = {1-2},
  pages     = {85--93},
  publisher = {Elsevier},
}

@Article{fatima2011banking,
  author    = {Fatima, Amtul},
  title     = {E-Banking Security Issues-Is There A Solution in Biometrics?},
  journal   = {Journal of Internet Banking and Commerce},
  year      = {2011},
  volume    = {16},
  number    = {2},
  pages     = {1},
  note      = {Биометрия в банковском деле},
  publisher = {ARRAY Development},
}

@Article{venkatraman2008biometrics,
  author    = {Venkatraman, Sitalakshmi and Delpachitra, Indika},
  title     = {Biometrics in banking security: a case study},
  journal   = {Information Management \& Computer Security},
  year      = {2008},
  volume    = {16},
  number    = {4},
  pages     = {415--430},
  publisher = {Emerald Group Publishing Limited},
}

@Article{bouchrika2011using,
  author    = {Bouchrika, Imed and Goffredo, Michaela and Carter, John and Nixon, Mark},
  title     = {On using gait in forensic biometrics},
  journal   = {Journal of forensic sciences},
  year      = {2011},
  volume    = {56},
  number    = {4},
  pages     = {882--889},
  publisher = {Wiley Online Library},
  url       = {http://www.univ-soukahras.dz/eprints/2011-1-d10e6.pdf},
}

@Article{babich2012biometric,
  author    = {Babich, Aleksandra and others},
  title     = {Biometric Authentication. Types of biometric identifiers},
  year      = {2012},
  publisher = {HAAGA-HELIA ammattikorkeakoulu},
  url       = {https://www.theseus.fi/bitstream/handle/10024/44684/Babich_Aleksandra.pdf},
}

@InProceedings{tistarelli2014biometrics,
  author       = {Tistarelli, Massimo and Grosso, Enrico and Meuwly, Didier},
  title        = {Biometrics in forensic science: challenges, lessons and new technologies},
  booktitle    = {International Workshop on Biometric Authentication},
  year         = {2014},
  pages        = {153--164},
  organization = {Springer},
  url          = {https://www.researchgate.net/profile/Massimo_Tistarelli/publication/290206905_Biometrics_in_Forensic_Science_Challenges_Lessons_and_New_Technologies/links/569e1d7e08ae16fdf07bda37/Biometrics-in-Forensic-Science-Challenges-Lessons-and-New-Technologies.pdf},
}

@Comment{jabref-meta: databaseType:bibtex;}
